@BOOKLET  {qgis04,
AUTHOR  = {G. Sherman and T. Sutton and R. Blazek and L. Luthmann },
TITLE   = {Quantum GIS User Manual, Version 0.6},
YEAR    = 2004,
}

@BOOKLET  {mitchel05,
AUTHOR  = {T. Mitchell},
TITLE   = {Web Mapping Illustrated, published by O'Reilly},
YEAR    = 2005,
}

@BOOKLET  {sherman07,
AUTHOR  = {G. Sherman},
TITLE   = {Shuffing Quantum GIS into the Open Source GIS Stack, 
            Free and Open Source Software for Geospatial (FOSS4G) 
	    Conference Victoria, BC},
YEAR    = 2007,
}

@BOOKLET  {neteler_mitasova07,
AUTHOR  = {M. Neteler and H. Mitasova},
TITLE   = {Open Source GIS: A GRASS GIS Approach. 3. Edition, Springer, New York},
YEAR    = 2007,
}
