@BOOKLET   {qgis04,
AUTHOR  = {G. Sherman and T. Sutton and R. Blazek and L. Luthmann },
TITLE   = {{Quantum GIS User Manual, Version 0.6}},
YEAR    = {2004},
}

