@booklet {FreeGISweb,
 author = {FreeGIS Project},
 address = {\url{http://www.freegis.org}},
 year = 2006
}

@booklet {Postgreweb,
 author = {PostgreSQL},
 address = {\url{http://www.postgresql.org/}},
 year = 2006
}

@booklet {PostGISweb,
 author = {PostGIS},
 address = {\url{http://postgis.refractions.net/}},
 year = 2006
}

@booklet {GEOSweb,
 author = {GEOS},
 address = {\url{http://geos.refractions.net/}},
 year = 2006
}

@booklet {PROJweb,
 author = {PROJ.4},
 address = {\url{http://www.remotesensing.org/proj/}},
 year = 2006
}

@booklet {Qtweb,
 author = {Qt},
 address = {\url{http://www.trolltech.com}},
 year = 2006
}

@booklet {SQliteweb,
 author = {SQlite},
 address = {\url{http://www.sqlite.org}},
 year = 2006
}

@booklet {GRASSweb,
 author = {GRASS GIS},
 address = {\url{http://grass.itc.it}},
 year = 2006
}

@booklet {OGRweb,
 author = {OGR-Software-Suite},
 address = {\url{http://www.gdal.org/ogr/}},
 year = 2006
}

@booklet {QGISweb,
 author = {QGIS-Development-Team},
 address = {\url{http://www.qgis.org}},
 year = 2006
}

@booklet {QGISwiki,
 author = {QGIS-Wiki},
 address = {\url{http://wiki.qgis.org/qgiswiki/}},
 year = 2006
}

@booklet {OGCWMS010101web,
 author = {Web Map Service (1.1.1) Implementation Specification},
 address = {\url{http://portal.opengeospatial.org}},
 year = {2002}
}

@booklet {OGCWMS010300web,
 author = {Web Map Service (1.3.0) Implementation Specification},
 address = {\url{http://portal.opengeospatial.org}},
 year = {2004}
}

