@BOOKLET  {qgis04,
AUTHOR  = {Gary E. Sherman and Tim Sutton and Radim Blazek and Lars Luthmann },
TITLE   = {Quantum GIS User Manual, Version 0.6},
YEAR    = 2004,
}

@BOOKLET  {mitchel05,
AUTHOR  = {Tyler Mitchell},
TITLE   = {Web Mapping Illustrated, published by O'Reilly},
YEAR    = 2005,
}

@BOOKLET  {sherman07,
AUTHOR  = {Gary E. Sherman},
TITLE   = {Shuffing Quantum GIS into the Open Source GIS Stack, 
            Free and Open Source Software for Geospatial (FOSS4G) 
	    Conference Victoria, BC},
YEAR    = 2007,
}

@BOOKLET  {neteler_mitasova08,
AUTHOR  = {M. Neteler and H. Mitasova},
TITLE   = {Open Source GIS: A GRASS GIS Approach},
editor = {Springer},
location = {New York},
YEAR    = 2008,
}
