@BOOKLET  {mitchel05,
AUTHOR  = "T. Mitchell",
TITLE   = "Web Mapping Illustrated",
PUBLISHER = "O'Reilly",
YEAR    = 2005
}

@BOOKLET  {sherman07,
AUTHOR  = {G. Sherman},
TITLE   = {Shuffing Quantum GIS into the Open Source GIS Stack, 
            Free and Open Source Software for Geospatial (FOSS4G) 
	    Conference Victoria, BC},
YEAR    = 2007
}

@BOOKLET  {neteler_mitasova08,
AUTHOR  = "M. Neteler and H. Mitasova",
TITLE   = "Open Source GIS: A GRASS GIS Approach",
EDITION = "Third", 
PUBLISHER = "Springer, New York",
YEAR    = 2008
}

@BOOKLET  {PostGISweb,
AUTHOR =  "PostGIS-Project",
TITLE  =  "Spatial Support for PostgreSQL",
ADDRESS = "\url{http://postgis.refractions.net/}",
YEAR   = 2010
}

@BOOKLET  {GDALweb,
AUTHOR  = "GDAL-Software-Suite",
TITLE   = "Geospatial Data Abstraction Library",
ADDRESS = "\url{http://www.gdal.org}",
YEAR    = 2010
}

@BOOKLET  {GRASSweb,
AUTHOR  = "GRASS-Project",
TITLE   = "Geographic Ressource Analysis Support System",
ADDRESS = "\url{http://grass.osgeo.org}",
YEAR    = 2010
}

@BOOKLET {OGRweb,
AUTHOR  = "OGR-Software-Suite",
TITLE   = "Geospatial Data Abstraction Library",
ADDRESS = "\url{http://www.gdal.org/ogr}",
YEAR    = 2010
}

@BOOKLET {OGCWMS010101web,
AUTHOR  = "Open-Geospatial-Consortium",
TITLE   = "Web Map Service (1.1.1) Implementation Specification",
ADDRESS = "\url{http://portal.opengeospatial.org}",
YEAR    = 2002
}

@BOOKLET {OGCWMS010300web,
AUTHOR  = "Open-Geospatial-Consortium",
TITLE   = "Web Map Service (1.3.0) Implementation Specification",
ADDRESS = "\url{http://portal.opengeospatial.org}",
YEAR    = 2004
}

