@BOOKLET  {sherman08,
AUTHOR  = {G. Sherman},
TITLE   = {Desktop GIS: Mapping the Planet with Open Source Tools},
YEAR    = 2008,
}

